@MISC{IMS,
        author =       "{Peter Peringer, Martin Hrubý}",
        title =        "{\it Modelování a simulace}",
        url =          "https://www.fit.vutbr.cz/study/courses/IMS/public/prednasky/IMS.pdf",
        note =         "[Online]"
}

@misc{IMS-TEMA,
      author       = "{Témata projektů IMS 2017/18}",
      howpublished = {\href{http://perchta.fit.vutbr.cz:8000/vyuka-ims/42}{perchta.fit.vutbr.cz:8000/vyuka-ims/42}},
}

@misc{VUT-FIT,
      title        = "{Fakulta informačních technologií - Vysokého učení technického v Brně}",
      howpublished = {\href{http://www.fit.vutbr.cz/}{www.fit.vutbr.cz}},
}

@misc{TSMRS,
      title        = "{Technické služby mesta Rimavská Sobota}",
      howpublished = {\href{http://www.rimavskasobota.sk/technicke-sluzby-mesta.phtml?id3=43355}{www.rimavskasobota.sk/technicke-sluzby-mesta.phtml?id3=43355}},
}

@misc{ZONA,
      title        = "{Harmonogram vývozu komunálneho odpadu}",
      howpublished = {\href{http://www.rimavskasobota.sk/download\_file\_f.php?id=55721}{www.rimavskasobota.sk/download\_file\_f.php?id=55721}},
}

@misc{NAFTA,
      title        = "{Cena paliva}",
      howpublished = {\href{https://auto.sme.sk/cerpacia-stanica/slovnaft-rimavska-sobota-kosicka-cesta-hlavny-tah-zvolen-kosice-220}{auto.sme.sk/cerpacia-stanica/slovnaft-rimavska-sobota-kosicka-cesta-hlavny-tah-zvolen-kosice-220}},
}
